@inproceedings{zhou2013learning,
  title={Learning Triggering Kernels for Multi-dimensional Hawkes Processes.},
  author={Zhou, Ke and Zha, Hongyuan and Song, Le},
  booktitle={ICML (3)},
  pages={1301--1309},
  year={2013}
}