@article{lewis2011nonparametric,
  title={A nonparametric EM algorithm for multiscale Hawkes processes},
  author={Lewis, Erik and Mohler, George},
  journal={preprint},
  pages={1--16},
  year={2011}
}